<record><leader>00000cas a22000007a 4500</leader><controlfield tag="001">21124846</controlfield><controlfield tag="008">900226c19799999mouwr ne      0    0eng d</controlfield><datafield ind1=" " ind2=" " tag="010"><subfield code="a">sn 90061283 </subfield></datafield><datafield ind1=" " ind2=" " tag="040"><subfield code="a">MQN</subfield><subfield code="b">eng</subfield><subfield code="c">MQN</subfield><subfield code="d">OCLCQ</subfield></datafield><datafield ind1=" " ind2=" " tag="042"><subfield code="a">msc</subfield></datafield><datafield ind1="0" ind2="4" tag="082"><subfield code="a">071</subfield></datafield><datafield ind1="0" ind2="0" tag="245"><subfield code="a">Webster-Kirkwood times.</subfield></datafield><datafield ind1=" " ind2=" " tag="260"><subfield code="a">Webster Groves, Mo. :</subfield><subfield code="b">Webster-Kirkwood Times</subfield></datafield><datafield ind1=" " ind2=" " tag="300"><subfield code="a">v.</subfield></datafield><datafield ind1=" " ind2=" " tag="310"><subfield code="a">Weekly,</subfield><subfield code="b">Apr. 13-19, 1984-</subfield></datafield><datafield ind1=" " ind2=" " tag="321"><subfield code="a">Biweekly,</subfield><subfield code="b">Apr. 1979-Apr. 3-12, 1984</subfield></datafield><datafield ind1="0" ind2=" " tag="362"><subfield code="a">Vol. 1, no. 8 (Apr. 1979)-</subfield></datafield><datafield ind1=" " ind2="4" tag="651"><subfield code="a">Webster Groves (Mo.)</subfield><subfield code="v">Newspapers.</subfield></datafield><datafield ind1=" " ind2=" " tag="752"><subfield code="a">United States</subfield><subfield code="b">Missouri</subfield><subfield code="c">Saint Louis</subfield><subfield code="d">Webster Groves.</subfield></datafield><datafield ind1="0" ind2="0" tag="780"><subfield code="t">Webster times</subfield><subfield code="w">(DLC)sn 90061282</subfield></datafield><datafield ind1="1" ind2=" " tag="029"><subfield code="a">AU@</subfield><subfield code="b">000020593779</subfield></datafield></record>